<record><leader>00000cas a22000007a 4500</leader><controlfield tag="001">10751009</controlfield><controlfield tag="008">840519d18141816mdudn ne      0    0eng d</controlfield><datafield ind1=" " ind2=" " tag="010"><subfield code="a">sn 84026871 </subfield></datafield><datafield ind1=" " ind2=" " tag="040"><subfield code="a">NPU</subfield><subfield code="b">eng</subfield><subfield code="c">NPU</subfield><subfield code="d">NPX</subfield><subfield code="d">MFN</subfield><subfield code="d">IUL</subfield><subfield code="d">DCN</subfield><subfield code="d">OCL</subfield><subfield code="d">OCLCQ</subfield><subfield code="d">OCLCF</subfield></datafield><datafield ind1=" " ind2=" " tag="042"><subfield code="a">msc</subfield></datafield><datafield ind1=" " ind2=" " tag="043"><subfield code="a">n-us-md</subfield></datafield><datafield ind1="0" ind2="0" tag="245"><subfield code="a">Baltimore telegraph and mercantile advertiser.</subfield></datafield><datafield ind1=" " ind2=" " tag="260"><subfield code="a">Baltimore, Md. :</subfield><subfield code="b">Allen &amp; Hill</subfield></datafield><datafield ind1=" " ind2=" " tag="300"><subfield code="a">v.</subfield></datafield><datafield ind1=" " ind2=" " tag="310"><subfield code="a">Daily (except Sun.)</subfield></datafield><datafield ind1="1" ind2=" " tag="362"><subfield code="a">Began with May 17, 1814 issue? Ceased in Apr. 1816?</subfield></datafield><datafield ind1=" " ind2=" " tag="580"><subfield code="a">Merged with: Federal Republican (Georgetown, Washington, D.C. : Daily), to form: Federal Republican and Baltimore telegraph (Baltimore, Md. : Daily).</subfield></datafield><datafield ind1=" " ind2=" " tag="588"><subfield code="a">Description based on: Vol. 1, no. 37 (June 23, 1814).</subfield></datafield><datafield ind1=" " ind2=" " tag="588"><subfield code="a">Latest issue consulted: Vol. 4, no. 564 (Mar. 29, 1816).</subfield></datafield><datafield ind1=" " ind2="0" tag="651"><subfield code="a">Baltimore (Md.)</subfield><subfield code="v">Newspapers.</subfield></datafield><datafield ind1=" " ind2="7" tag="655"><subfield code="a">Newspapers.</subfield><subfield code="2">fast</subfield><subfield code="0">(OCoLC)fst01423814</subfield></datafield><datafield ind1=" " ind2="7" tag="651"><subfield code="a">Maryland</subfield><subfield code="z">Baltimore.</subfield><subfield code="2">fast</subfield><subfield code="0">(OCoLC)fst01204292</subfield></datafield><datafield ind1=" " ind2=" " tag="752"><subfield code="a">United States</subfield><subfield code="b">Maryland</subfield><subfield code="d">Baltimore.</subfield></datafield><datafield ind1="0" ind2=" " tag="775"><subfield code="t">Baltimore telegraph</subfield><subfield code="w">(DLC)sn 84038791</subfield></datafield><datafield ind1="1" ind2="7" tag="785"><subfield code="t">Federal Republican (Georgetown, Washington, D.C. : Daily)</subfield><subfield code="w">(DLC)sn 84038792</subfield></datafield><datafield ind1="1" ind2="7" tag="785"><subfield code="t">Federal Republican and Baltimore telegraph (Baltimore, Md. : Daily)</subfield><subfield code="w">(DLC)sn 83016003</subfield></datafield></record>